% Encoding: UTF-8

@article{wertz2001mission,
  title={Mission geometry; orbit and constellation design and management},
  author={Wertz, James Richard},
  journal={Space Technology Library},
  year={2001}
}

@Comment{jabref-meta: databaseType:bibtex;}
